<?xml version="1.0" encoding="UTF-8"?>
<record xmlns="http://www.loc.gov/MARC21/slim">
   <leader>01908cam a2200361 a 4500</leader>
   <controlfield tag="001">181383</controlfield>
   <controlfield tag="003">NjP</controlfield>
   <controlfield tag="005">20190705135716.0</controlfield>
   <controlfield tag="008">830126s1925    sj            000 0 ara d</controlfield>
   <datafield tag="024" ind1="7" ind2=" ">
      <subfield code="a">princeton_aco003805</subfield>
      <subfield code="2">local</subfield>
   </datafield>
   <datafield ind1=" " ind2=" " tag="040">
      <subfield code="a">NjP</subfield>
      <subfield code="c">PUL</subfield>
      <subfield code="d">PUL</subfield>
   </datafield>
   <datafield ind1=" " ind2=" " tag="066">
      <subfield code="c">(3</subfield>
   </datafield>
   <datafield ind1=" " ind2=" " tag="035">
      <subfield code="a">(CStRLIN)NJPG83-B6817</subfield>
   </datafield>
   <datafield ind1=" " ind2=" " tag="035">
      <subfield code="9">AAZ6283TS</subfield>
   </datafield>
   <datafield ind1=" " ind2=" " tag="035">
      <subfield code="a">(NjP)181383</subfield>
   </datafield>
   <datafield ind1=" " ind2=" " tag="049">
      <subfield code="a">PULL</subfield>
   </datafield>
   <datafield ind1=" " ind2=" " tag="019">
      <subfield code="a">63274174</subfield>
   </datafield>
   <datafield ind1=" " ind2=" " tag="035">
      <subfield code="a">(OCoLC)ocn175304597</subfield>
      <subfield code="z">(OCoLC)ocm63274174</subfield>
   </datafield>
   <datafield ind1="0" ind2="0" tag="245">
      <subfield code="6">880-01</subfield>
      <subfield code="a">Mukhtārāt al-sāʼigh :</subfield>
      <subfield code="b">min kutub al-dunyā wa-al-dīn wa-hiya 360 kitāb fī al-tawḥīd wa-al-fiqh wa-al-Qurʼān wa-al-ḥadīth wa-al-taṣawwuf wa-al-ṭibb al-ḥadīth wa-al-ṭibb al-qadīm wa-al-ṭibb al-ahlī wa-ḥikam wa-al-fawāʼid wa-al-adab /</subfield>
      <subfield code="c">jamaʻahu ʻAwaḍ al-Karīm Muḥammad Hindī.</subfield>
   </datafield>
   <datafield ind1=" " ind2=" " tag="250">
      <subfield code="6">880-02</subfield>
      <subfield code="a">al-Ṭabʻah 1.</subfield>
   </datafield>
   <datafield ind1=" " ind2=" " tag="260">
      <subfield code="6">880-03</subfield>
      <subfield code="a">Umm Durmān :</subfield>
      <subfield code="b">Maṭbaʻat al-Tawfīq al-Adabīyah,</subfield>
      <subfield code="c">1925.</subfield>
   </datafield>
   <datafield ind1=" " ind2=" " tag="300">
      <subfield code="a">2 v. :</subfield>
      <subfield code="b">l port ;</subfield>
      <subfield code="c">23 cm.</subfield>
   </datafield>
   <datafield ind1=" " ind2=" " tag="500">
      <subfield code="a">Four lines of poetry by the compiler at head of title.</subfield>
   </datafield>
   <datafield ind1=" " ind2="0" tag="650">
      <subfield code="a">Islam</subfield>
      <subfield code="y">20th century.</subfield>
      <subfield code="0">http://id.loc.gov/authorities/subjects/sh85068392</subfield>
   </datafield>
   <datafield ind1="1" ind2=" " tag="700">
      <subfield code="6">880-04</subfield>
      <subfield code="a">Hindī, ʻAwaḍ al-Karīm Muḥammad.</subfield>
   </datafield>
   <datafield ind1="0" ind2="0" tag="880">
      <subfield code="6">245-01/(3/r</subfield>
      <subfield code="a">مختارات السائغ :</subfield>
      <subfield code="b">من كتب الدنيا والدين وهي 360 كتاب في التوحيد والفقه والقرآن والحديث والتصوف والطب الحديث والطب القديم والطب الاهلي وحكم والفوائد والادب /</subfield>
      <subfield code="c">جمعه عوض الكريم محمد هندي.</subfield>
   </datafield>
   <datafield ind1=" " ind2=" " tag="880">
      <subfield code="6">250-02/(3/r</subfield>
      <subfield code="a">الطبعة 1.</subfield>
   </datafield>
   <datafield ind1=" " ind2=" " tag="880">
      <subfield code="6">260-03/(3/r</subfield>
      <subfield code="a">ام درمان :</subfield>
      <subfield code="b">مطبعة التوفيق الادبية،</subfield>
      <subfield code="c">1925.</subfield>
   </datafield>
   <datafield ind1="1" ind2=" " tag="880">
      <subfield code="6">700-04/(3/r</subfield>
      <subfield code="a">هندي، عوض الكريم محمد.</subfield>
   </datafield>
   <datafield ind1=" " ind2=" " tag="998">
      <subfield code="a">01/28/83</subfield>
      <subfield code="s">9114</subfield>
      <subfield code="n">NjP</subfield>
      <subfield code="w">NJPG83B6817</subfield>
      <subfield code="d">01/26/83</subfield>
      <subfield code="c">SSH</subfield>
      <subfield code="b">EP</subfield>
      <subfield code="i">830128</subfield>
      <subfield code="l">NJPG</subfield>
   </datafield>
   <datafield ind1=" " ind2=" " tag="911">
      <subfield code="a">19921028</subfield>
   </datafield>
   <datafield ind1=" " ind2=" " tag="912">
      <subfield code="a">19900821000000.0</subfield>
   </datafield>
   <datafield ind1=" " ind2=" " tag="994">
      <subfield code="a">C0</subfield>
      <subfield code="b">PUL</subfield>
   </datafield>
   <datafield ind1=" " ind2=" " tag="999">
      <subfield code="a">181383</subfield>
   </datafield>
   <datafield ind1=" " ind2=" " tag="979">
      <subfield code="a">(OCoLC)ocn175343816</subfield>
   </datafield>
   <datafield ind1="0" ind2="0" tag="852">
      <subfield code="0">199805</subfield>
      <subfield code="b">rcppa</subfield>
      <subfield code="h">BP163</subfield>
      <subfield code="i">.M835</subfield>
      <subfield code="x">tr fr nec</subfield>
   </datafield>
   <datafield ind1=" " ind2="0" tag="866">
      <subfield code="0">199805</subfield>
      <subfield code="a">Vol. 1-v. 2</subfield>
   </datafield>
   <datafield ind1=" " ind2=" " tag="959">
      <subfield code="a">2000-06-13 00:00:00 -0400</subfield>
   </datafield>
</record>
